<?xml version="1.0" encoding="UTF-8"?><collection xmlns="http://www.loc.gov/MARC21/slim"><record><leader>00585nam--2200181-u-4500</leader><controlfield tag="001">000054827</controlfield><controlfield tag="002">20161230</controlfield><controlfield tag="005">20161230201051</controlfield><controlfield tag="008">120618s1000------------r-----000-0-fre-d</controlfield><datafield ind1=" " ind2=" " tag="040"><subfield code="a">IFIN-HH</subfield></datafield><datafield ind1=" " ind2=" " tag="041"><subfield code="a">fre</subfield></datafield><datafield ind1=" " ind2=" " tag="080"><subfield code="a">539.172.17</subfield></datafield><datafield ind1="1" ind2=" " tag="100"><subfield code="a">Gardes, Daniel</subfield></datafield><datafield ind1="1" ind2="0" tag="245"><subfield code="a">Etude exerimentale des reactions de tranfert quasi-elastiques induites sur le bismuth par divers ions lourds. importance des facteurs energetiques et geometriques</subfield><subfield code="b">These</subfield><subfield code="c">Daniel gardes</subfield></datafield><datafield ind1=" " ind2=" " tag="260"><subfield code="a">Paris-sud</subfield><subfield code="b">Universite</subfield><subfield code="c">1976</subfield></datafield><datafield ind1=" " ind2=" " tag="300"><subfield code="a">148P</subfield></datafield><datafield ind1=" " ind2=" " tag="852"><subfield code="a">44914</subfield><subfield code="c">539.17</subfield></datafield><datafield ind1=" " ind2=" " tag="CAT"><subfield code="a">Sys</subfield><subfield code="c">20120618</subfield><subfield code="h">105321</subfield></datafield></record></collection>